@unpublished{gloverPowerSystemAnalysis2017,
  title = {Power System Analysis \& Design},
  author = {Glover, J. Duncan and Overbye, Thomas J. and Sarma, Mulukutla S.},
  date = {2017},
  edition = {Sixth edition},
  publisher = {{Cengage Learning}},
  location = {{Boston, MA}},
  isbn = {9781305632134 9781305636187},
  pagetotal = {942},
  keywords = {Design and construction Data processing,Electric circuit analysis,Electric power systems,Microcomputers},
  annotation = {OCLC: ocn914290690},
  file = {/Users/maxikoehler/Zotero/storage/NYKP2WB5/Glover et al. - 2017 - Power system analysis & design.pdf}
}

@book{kundurPowerSystemStability2022,
  title = {Power System Stability and Control},
  author = {Kundur, Prabha S. and Malik, Om P.},
  date = {2022},
  edition = {Second edition},
  publisher = {{McGraw Hill}},
  location = {{New York Chicago San Francisco Athens London Madrid Mexico City Milan New Delhi Singapore Sydney Toronto}},
  abstract = {"This is a comprehensive guide to power system stability and control, written as a professional and student reference"--},
  isbn = {978-1-260-47354-4},
  langid = {english},
  pagetotal = {948},
  file = {/Users/maxikoehler/Zotero/storage/6QJVQ8JW/Kundur und Malik - 2022 - Power system stability and control.pdf}
}

@book{machowskiPowerSystemDynamics2020,
  title = {Power System Dynamics: Stability and Control},
  shorttitle = {Power System Dynamics},
  author = {Machowski, Jan and Lubosny, Zbigniew and Bialek, Janusz W. and Bumby, J. R.},
  date = {2020},
  edition = {Third edition},
  publisher = {{John Wiley}},
  location = {{Hoboken, NJ, USA}},
  abstract = {"This book is the fully revised and updated third edition of Power System Dynamics and Stability. It has been 10 years since the second edition was published and the state of the knowledge in the topic area has progressed. The textbook requires updating and extending. A third edition will include an extension of some chapters and four new chapters"--},
  isbn = {978-1-119-52636-0 978-1-119-52638-4},
  pagetotal = {1},
  keywords = {Control,Electric power system stability,Electric power systems},
  file = {/Users/maxikoehler/Zotero/storage/PRW2SPTX/Machowski et al. - 2020 - Power system dynamics stability and control.pdf}
}

@book{oedingElektrischeKraftwerkeUnd2016,
  title = {Elektrische Kraftwerke und Netze},
  author = {Oeding, Dietrich and Oswald, Bernd R.},
  date = {2016},
  edition = {8. Auflage},
  publisher = {{Springer Vieweg}},
  location = {{Berlin [Heidelberg]}},
  doi = {10.1007/978-3-662-52703-0},
  isbn = {978-3-662-52702-3},
  langid = {german},
  pagetotal = {1107},
  file = {/Users/maxikoehler/Zotero/storage/5XV26B8W/Oeding und Oswald - 2016 - Elektrische Kraftwerke und Netze.pdf}
}
